@article{Gagnon2019DistributionUO,
  title={Distribution Update of Deformable Patches for Texture Synthesis on the Free Surface of Fluids},
  author={Jonathan Gagnon and Juli{\'a}n Guzman and Valentin Vervondel and François Dagenais and David Mould and Eric Paquette},
  journal={Computer Graphics Forum},
  year={2019},
  volume={38}
}

@Article{LRCJNC22,
  author       = "Lastic, Maud and Rohmer, Damien and Cordonnier, Guillaume and Jaupart, Claude and Neyret, Fabrice and Cani, Marie-Paule",
  title        = "Interactive simulation of plume and pyroclastic volcanic ejections",
  journal      = "Proceedings of the ACM on Computer Graphics and Interactive Techniques",
  number       = "1",
  volume       = "5",
  pages        = "1--15",
  month        = "May",
  year         = "2022",
  url          = "http://www-sop.inria.fr/reves/Basilic/2022/LRCJNC22"
}


@article{Stomakhin2014AugmentedMF,
  title={Augmented MPM for phase-change and varied materials},
  author={Alexey Stomakhin and Craig A. Schroeder and Chenfanfu Jiang and Lawrence Chai and Joseph Teran and Andrew Selle},
  journal={ACM Transactions on Graphics (TOG)},
  year={2014},
  volume={33},
  pages={1 - 11}
}

@article{Zhang2017HybridMO,
  title={Hybrid modeling of multiphysical processes for particle‐based volcano animation},
  author={Shenfan Zhang and Fanlong Kong and Chen Li and Changbo Wang and Hong Qin},
  journal={Computer Animation and Virtual Worlds},
  year={2017},
  volume={28}
}

@inproceedings{Solenthaler2011SPHBS,
  title={SPH Based Shallow Water Simulation},
  author={Barbara Solenthaler and Peter Bucher and Nuttapong Chentanez and Matthias M{\"u}ller and Markus H. Gross},
  booktitle={Workshop on Virtual Reality Interactions and Physical Simulations},
  year={2011}
}

@article{Bernabeu,
author = {Bernabeu, Noé and Saramito, Pierre and Smutek, Claude},
year = {2016},
month = {03},
pages = {},
title = {Modelling lava flow advance using a shallow-depth approximation for three-dimensional cooling of viscoplastic flows},
volume = {426},
journal = {Geological Society, London, Special Publications},
doi = {10.1144/SP426.27}
}

@inproceedings{desbrun:inria-00537534,
  TITLE = {{Smoothed Particles: A new paradigm for animating highly deformable bodies}},
  AUTHOR = {Desbrun, Mathieu and Cani, Marie-Paule},
  URL = {https://hal.inria.fr/inria-00537534},
  NOTE = {Published under the name Marie-Paule Gascuel},
  BOOKTITLE = {{Eurographics Workshop on Computer Animation and Simulation (EGCAS)}},
  ADDRESS = {Poitiers, France},
  EDITOR = {Ronan Boulic and Gerard Hegron},
  PUBLISHER = {{Springer-Verlag}},
  PAGES = {61--76},
  YEAR = {1996},
  MONTH = Aug,
  PDF = {https://hal.inria.fr/inria-00537534/file/SmoothedParticles.pdf},
  HAL_ID = {inria-00537534},
  HAL_VERSION = {v1},
}

@article{Griffiths,
author = {Griffiths, Ross},
year = {2000},
month = {01},
pages = {477-518},
title = {The Dynamics of Lava Flows},
volume = {32},
journal = {Annual Review of Fluid Mechanics},
doi = {10.1146/annurev.fluid.32.1.477}
}

@inproceedings{Stam2003RealTimeFD,
  title={Real-Time Fluid Dynamics for Games},
  author={Jos Stam},
  year={2003}
}


@article{Kolb2004HardwarebasedSA,
  title={Hardware-based simulation and collision detection for large particle systems},
  author={Andreas Kolb and Lutz Latta and Christof Rezk-Salama},
  journal={Proceedings of the ACM SIGGRAPH/EUROGRAPHICS conference on Graphics hardware},
  year={2004}
}

@inproceedings{Stam1999StableF,
  title={Stable fluids},
  author={Jos Stam},
  booktitle={International Conference on Computer Graphics and Interactive Techniques},
  year={1999}
}

@article{Stora,
author = {Stora, Dan and Agliati, Pierre-Olivier and Cani, Marie-Paule and Neyret, Fabrice and Gascuel, Jean-Dominique},
year = {2000},
month = {12},
pages = {},
title = {Animating Lava Flows},
journal = {Graphics Interface}
}

@ARTICLE{6570475,
  author={Ihmsen, Markus and Cornelis, Jens and Solenthaler, Barbara and Horvath, Christopher and Teschner, Matthias},
  journal={IEEE Transactions on Visualization and Computer Graphics}, 
  title={Implicit Incompressible SPH}, 
  year={2014},
  volume={20},
  number={3},
  pages={426-435},
  doi={10.1109/TVCG.2013.105}}

@inproceedings{inproceedings,
author = {Bender, Jan and Koschier, Dan},
year = {2015},
month = {08},
pages = {},
title = {Divergence-Free Smoothed Particle Hydrodynamics},
doi = {10.1145/2786784.2786796}
}

@article{10.1145/1531326.1531346,
author = {Solenthaler, B. and Pajarola, R.},
title = {Predictive-Corrective Incompressible SPH},
year = {2009},
issue_date = {August 2009},
publisher = {Association for Computing Machinery},
address = {New York, NY, USA},
volume = {28},
number = {3},
issn = {0730-0301},
url = {https://doi.org/10.1145/1531326.1531346},
doi = {10.1145/1531326.1531346},
journal = {ACM Trans. Graph.},
month = {jul},
articleno = {40},
numpages = {6},
keywords = {incompressibility, fluid simulation, SPH}
}

@article{Gagnon2016DynamicLT,
  title={Dynamic lapped texture for fluid simulations},
  author={Jonathan Gagnon and François Dagenais and Eric Paquette},
  journal={The Visual Computer},
  year={2016},
  volume={32},
  pages={901 - 909}
}

@article{RodrguezPaz2005ACS,
  title={A corrected smooth particle hydrodynamics formulation of the shallow-water equations},
  author={Miguel X. Rodr{\'i}guez-Paz and Javier Bonet},
  journal={Computers \& Structures},
  year={2005},
  volume={83},
  pages={1396-1410}
}

@article{Chang2016ANS,
  title={A novel SPH-SWEs approach for modeling subcritical and supercritical flows at open channel junctions},
  author={Kao Hua Chang and Tsang‐Jung Chang and Yen‐Ming Chiang},
  journal={Journal of Hydro-environment Research},
  year={2016},
  volume={13},
  pages={76-88}
}

@misc{bogdan2019custom,
      title={Custom Extended Sobel Filters}, 
      author={Victor Bogdan and Cosmin Bonchiş and Ciprian Orhei},
      year={2019},
      eprint={1910.00138},
      archivePrefix={arXiv},
      primaryClass={cs.CV}
}